<record><leader>00000cas a22000007a 4500</leader><controlfield tag="001">35098384</controlfield><controlfield tag="008">960717d18771878tnuwr ne      0    0eng d</controlfield><datafield ind1=" " ind2=" " tag="010"><subfield code="a">sn 96019618 </subfield></datafield><datafield ind1=" " ind2=" " tag="040"><subfield code="a">TGN</subfield><subfield code="b">eng</subfield><subfield code="c">TGN</subfield><subfield code="d">DLC</subfield><subfield code="d">TGN</subfield><subfield code="d">DLC</subfield><subfield code="d">OCLCF</subfield></datafield><datafield ind1="1" ind2=" " tag="029"><subfield code="a">AU@</subfield><subfield code="b">000012678935</subfield></datafield><datafield ind1=" " ind2=" " tag="042"><subfield code="a">msc</subfield></datafield><datafield ind1=" " ind2=" " tag="043"><subfield code="a">n-us-tx</subfield></datafield><datafield ind1="0" ind2="0" tag="245"><subfield code="a">Blount County standard.</subfield></datafield><datafield ind1=" " ind2=" " tag="260"><subfield code="a">Maryville, Tenn. :</subfield><subfield code="b">C.B. Woodward,</subfield><subfield code="c">1877-1878.</subfield></datafield><datafield ind1=" " ind2=" " tag="300"><subfield code="a">v.</subfield></datafield><datafield ind1=" " ind2=" " tag="310"><subfield code="a">Weekly</subfield></datafield><datafield ind1="0" ind2=" " tag="362"><subfield code="a">Vol. 1, no. 1 (Dec. 25, 1877)-v. 1, no. 9 (Feb. 21, 1878).</subfield></datafield><datafield ind1=" " ind2=" " tag="515"><subfield code="a">Vol. 1 also called: old ser. v. 11.</subfield></datafield><datafield ind1=" " ind2="0" tag="651"><subfield code="a">Maryville (Tenn.)</subfield><subfield code="v">Newspapers.</subfield></datafield><datafield ind1=" " ind2="0" tag="651"><subfield code="a">Blount County (Tenn.)</subfield><subfield code="v">Newspapers.</subfield></datafield><datafield ind1=" " ind2="7" tag="655"><subfield code="a">Newspapers.</subfield><subfield code="2">fast</subfield><subfield code="0">(OCoLC)fst01423814</subfield></datafield><datafield ind1=" " ind2="7" tag="651"><subfield code="a">Tennessee</subfield><subfield code="z">Blount County.</subfield><subfield code="2">fast</subfield><subfield code="0">(OCoLC)fst01212352</subfield></datafield><datafield ind1=" " ind2="7" tag="651"><subfield code="a">Tennessee</subfield><subfield code="z">Maryville.</subfield><subfield code="2">fast</subfield><subfield code="0">(OCoLC)fst01204582</subfield></datafield><datafield ind1=" " ind2=" " tag="752"><subfield code="a">United States</subfield><subfield code="b">Tennessee</subfield><subfield code="c">Blount</subfield><subfield code="d">Maryville.</subfield></datafield><datafield ind1="0" ind2="0" tag="780"><subfield code="t">Maryville republican (Maryville, Tenn. : 1876)</subfield><subfield code="x">2331-3196</subfield><subfield code="w">(DLC)sn 69091618</subfield><subfield code="w">(OCoLC)35070847</subfield></datafield><datafield ind1="0" ind2="0" tag="785"><subfield code="t">Maryville Index</subfield><subfield code="w">(DLC)sn 96091614</subfield></datafield></record>